<?xml version="1.0" encoding="UTF-8"?><record xmlns="http://www.loc.gov/MARC21/slim" xmlns:cinclude="http://apache.org/cocoon/include/1.0" xmlns:zs="http://www.loc.gov/zing/srw/">
  <leader>00693nz  a2200157n  4500</leader>
  <controlfield tag="001">no2011116384</controlfield>
  <controlfield tag="003">DLC</controlfield>
  <controlfield tag="005">20110731075438.0</controlfield>
  <controlfield tag="008">110729n| acannaabn          |a aaa     c</controlfield>
  <datafield tag="010" ind1=" " ind2=" ">
    <subfield code="a">no2011116384</subfield>
  </datafield>
  <datafield tag="035" ind1=" " ind2=" ">
    <subfield code="a">(OCoLC)oca08928346</subfield>
  </datafield>
  <datafield tag="040" ind1=" " ind2=" ">
    <subfield code="a">SaPrUSA</subfield>
    <subfield code="b">eng</subfield>
    <subfield code="c">SaPrUSA</subfield>
  </datafield>
  <datafield tag="100" ind1="1" ind2=" ">
    <subfield code="a">Adewumi, J. R.</subfield>
    <subfield code="q">(James Rotimi)</subfield>
  </datafield>
  <datafield tag="400" ind1="1" ind2=" ">
    <subfield code="a">Adewumi, James Rotimi</subfield>
  </datafield>
  <datafield tag="670" ind1=" " ind2=" ">
    <subfield code="a">Assessment of the feasibility of using a dual water reticulation system in South Africa, 2009:</subfield>
    <subfield code="b">t.p. (J.R. Adewumi, School of Civil &amp; Environmental Engineering, University of the Witwatersrand)</subfield>
  </datafield>
  <datafield tag="670" ind1=" " ind2=" ">
    <subfield code="a">Google search, July 29, 2011</subfield>
    <subfield code="b">(James Rotimi Adewumi, School of Civil &amp; Environmental Engineering, University of the Witwatersrand)</subfield>
  </datafield>
</record>